@misc{3b1b,
	author = {{3Blue1Brown}},
	title = {{Derivative formulas through geometry {$\vert$} Essence of calculus, chapter 3}},
	year = {2017},
	month = {Apr},
	publisher = {Youtube},
	note = {[Online; accessed 17. Feb. 2019]},
	url = {https://www.youtube.com/watch?v=S0_qX4VJhMQ}
}